 @book{contextualDesign,
  title     = {Contextual Design: Defining Customer-Centered Systems},
  author    = {Holtzblatt, K. and Beyer, H.},
  isbn      = {9780080503042},
  series    = {Interactive Technologies},
  url       = {https://books.google.de/books?id=JxQaQgOONGIC},
  year      = {1997},
  publisher = {Elsevier Science}
}

 
@book{hciHandbook,
  author    = {Jacko, Julie A.},
  title     = {Human-Computer Interaction Handbook: Fundamentals, Evolving Technologies, and Emerging Applications, Third Edition},
  year      = {2012},
  isbn      = {1439829438},
  publisher = {CRC Press, Inc.},
  address   = {USA},
  edition   = {3rd}
}    


 @book{hci,
  title     = {Human Computer Interaction},
  author    = {Dix, Alan and Finlay, Janet and Abowd, Gregory D. and Beale, Russell},
  address   = {Harlow, England},
  url       = {https://hds.hebis.de/ubks/Record/HEB216164192/Holdings#tabnav},
  edition   = 3,
  isbn      = {978-0-13-046109-4},
  publisher = {Pearson Prentice Hall},
  year      = 2003
}

@book{hcd,
  author    = {Hofmann, Martin Ludwig },
  title     = {Human Centered Design},
  publisher = {Brill | Fink},
  address   = {Paderborn, Deutschland},
  year      = {2017},
  edition   = {2017},
  pages     = {187},
  url       = {https://elibrary.utb.de/doi/abs/10.5555/9783846762868},
  eprint    = {https://elibrary.utb.de/doi/pdf/10.5555/9783846762868}
}


@book{iso9241,
  author    = {International Organisation for Standardisation (IOS)},
  title     = {DIN EN ISO 9241-210},
  publisher = {International Organisation for Standardisation (IOS)},
  address   = {1214 Vernier, Geneva Switzerland},
  year      = {2011},
  url       = {https://www.iso.org/standard/77520.html}
}


